<?xml version="1.0" encoding="UTF-8"?><record xmlns="http://www.loc.gov/MARC21/slim" xmlns:cinclude="http://apache.org/cocoon/include/1.0" xmlns:zs="http://www.loc.gov/zing/srw/">
  <leader>00715cz  a2200133n  4500</leader>
  <controlfield tag="001">n  86052295 </controlfield>
  <controlfield tag="003">DLC</controlfield>
  <controlfield tag="005">19901012084322.7</controlfield>
  <controlfield tag="008">870317n| acannaab|          |a ana |||  </controlfield>
  <datafield tag="010" ind1=" " ind2=" ">
    <subfield code="a">n  86052295 </subfield>
  </datafield>
  <datafield tag="040" ind1=" " ind2=" ">
    <subfield code="a">DLC</subfield>
    <subfield code="c">DLC</subfield>
    <subfield code="d">DLC</subfield>
  </datafield>
  <datafield tag="110" ind1="1" ind2="0">
    <subfield code="a">Jordan.</subfield>
    <subfield code="t">Qānūn al-Mālikīn wa-al-Mustaʼjirīn (1953)</subfield>
  </datafield>
  <datafield tag="410" ind1="1" ind2="0">
    <subfield code="a">Jordan.</subfield>
    <subfield code="t">Qānūn raqm 62 (1953)</subfield>
  </datafield>
  <datafield tag="670" ind1=" " ind2=" ">
    <subfield code="a">Khamrah, A. Sharḥ Qānūn al-Mālikīn wa-al-Mustaʼjirīn, 1983:</subfield>
    <subfield code="b">t.p. (Qānūn al-Mālikīn wa-al-Mustaʼjirīn) 3rd prelim. p., etc. (Qānūn al-Mālikīn wa-al-Mustaʼjirīn al-sābiq; caption: Qānūn al-Mālikīn wa-al-Mustaʼjirīn raqm (62) li-sanat 1953; official name: Qānūn al-Mālikīn wa-al-Mustaʼjirīn li-sanat 1953)</subfield>
  </datafield>
</record>